@misc{CiscoVNI2013,
  title        = {Cisco Visual Networking Index: Global Mobile Data Traffic Forecast Update, 2012–2017 },
  howpublished = {White Paper},
  month        = Feb,
  year         = 2013,
  note         = {The Cisco® Visual Networking Index (VNI) Global Mobile Data Traffic Forecast Update is part of the comprehensive Cisco VNI Forecast, an ongoing initiative to track and forecast the impact of visual networking applications on global networks. This paper presents some of Cisco’s major global mobile data traffic projections and growth trends. }
}
