@inproceedings{fabric,
 author = {Casado, Martin and Koponen, Teemu and Shenker, Scott and Tootoonchian, Amin},
 title = {Fabric: A Retrospective on Evolving SDN},
 booktitle = {Proceedings of the First Workshop on Hot Topics in Software Defined Networks},
 series = {HotSDN '12},
 year = {2012},
 isbn = {978-1-4503-1477-0},
 location = {Helsinki, Finland},
 pages = {85--90},
 numpages = {6},
 url = {http://doi.acm.org/10.1145/2342441.2342459},
 doi = {10.1145/2342441.2342459},
 acmid = {2342459},
 publisher = {ACM},
 address = {New York, NY, USA},
 keywords = {network architecture},
} 
