@incollection{InternetEvolutionRoleSoftwareEngineering,
year={2011},
isbn={978-3-642-15186-6},
booktitle={The Future of Software Engineering},
editor={Nanz, Sebastian},
doi={10.1007/978-3-642-15187-3_12},
title={Internet Evolution and the Role of Software Engineering},
url={http://dx.doi.org/10.1007/978-3-642-15187-3_12},
publisher={Springer Berlin Heidelberg},
author={Zave, Pamela},
pages={152-172},
language={English}
}
