@ARTICLE{InternetGlobalGrowth, 
author={Kende, Michael}, 
title={Internet global growth: lessons for the future}, 
year={2012}, 
month={September}, 
abstract={Evidence shows that the current model effectively promotes Internet growth and access in developing countries, and argues that any fundamental regulatory overhaul could halt such growth and find users cut off.},}