@Book{newparadigm,
    author      = {Dosi, G.},
    title       = {Technological paradigms and technological trajectories, Research Policy},
    year        = {1982},
    booktitle   = {Technological paradigms and technological trajectories, Research Policy},
    language    = {english}
}

@Article{paradigmdef,
    author      = {Cvetanović, S., D. Despotović, and I. Mladenović.},
    title       = {The concept of technological paradigm and the cyclical movements of the economy},
    journal     = {Facta universitatis - series: Economics and Organization},
    volume      = {9},
    number      = {2},
    year        = {2012},
    udc        = {330.342.143},
    pages       = {149-159},
    language    = {english},
}
