@book{sdnbook,
 author = {D., Thomas Nadeau and Gray, Ken},
 title = {SDN: Software Defined Networks},
 year = {2013},
 isbn = {1449342302, 9781449342302},
 edition = {1st},
 publisher = {O'Reilly Media, Inc.},
}
